@article{mal_article,
    author = "",
    title = "",
    journal = "",
    volume = "",
    number = "",
    pages = "",
    year = "",
    publisher = "",
    URL = "",
}
